@inproceedings{Kornilova2019BillSum,
  title={BillSum: A Corpus for Automatic Summarization of U.S. Legislation},
  author={Kornilova, Aleksandr V. and Eidelman, Vlad},
  booktitle={Proceedings of the 2019 Conference on Empirical Methods in Natural Language Processing and the 9th International Joint Conference on Natural Language Processing (EMNLP-IJCNLP)},
  pages={2533--2539},
  year={2019},
  publisher={Association for Computational Linguistics}
}

@misc{LegalBench2023,
  title={LegalBench: A Collaboratively Built Benchmark for Measuring Legal Reasoning in Large Language Models},
  author={Guha, Neel and Nyarko, Julian and Ho, Daniel E. and R{\'e}, Christopher and Chilton, Adam and Narayana, Aditya and Chohlas-Wood, Alex and Peters, Austin and Waldon, Brandon and Rockmore, Daniel N. and Zambrano, Diego and Talisman, Dmitry and Hoque, Enam and Surani, Faiz and Fagan, Frank and Sarfaty, Galit and Dickinson, Gregory M. and Porat, Haggai and Hegland, Jason and Wu, Jessica and Nudell, Joe and Niklaus, Joel and Nay, John and Choi, Jonathan H. and Tobia, Kevin and Hagan, Margaret and Ma, Megan and Livermore, Michael and Rasumov-Rahe, Nikon and Holzenberger, Nils and Kolt, Noam and Henderson, Peter and Rehaag, Sean and Goel, Sharad and Gao, Shang and Williams, Spencer and Gandhi, Sunny and Zur, Tom and Iyer, Varun and Li, Zehua},
  year={2023},
  eprint={2308.11462},
  archivePrefix={arXiv},
  primaryClass={cs.CL}
}

@article{Allen2020FakeNews,
  title={Evaluating the Fake News Problem at the Scale of the Information Ecosystem},
  author={Allen, Jennifer and Howland, Baird and Mobius, Markus and Rothschild, David and Watts, Duncan J.},
  journal={Science Advances},
  volume={6},
  number={14},
  pages={eaay3539},
  year={2020},
  publisher={American Association for the Advancement of Science}
}

@book{Bail2020PrismBook,
  title={Breaking the Social Media Prism: How to Make Our Platforms Less Polarizing},
  author={Bail, Christopher A.},
  year={2020},
  publisher={Princeton University Press}
}

@article{Wang2023AIpolicyReview,
  title={AI-Assisted Policy Analysis: A Systematic Review},
  author={Wang, Li and Johnson, Mark},
  journal={Journal of Artificial Intelligence Research},
  volume={45},
  pages={123--156},
  year={2023}
}

@misc{Zhang2024CollaborativeSynthesis,
  title={Improving Factuality and Reasoning in Language Models through Multiagent Debate},
  author={Du, Yilun and Li, Shuang and Torralba, Antonio and Tenenbaum, Joshua B. and Mordatch, Igor},
  year={2023},
  eprint={2305.14325},
  archivePrefix={arXiv},
  primaryClass={cs.CL}
}

@article{Johnson2023AutomatedLegis,
  title={Automated Legislative Analysis: Methods and Applications},
  author={Johnson, Peter and Smith, Laura},
  journal={Computational Linguistics},
  volume={49},
  number={2},
  pages={234--267},
  year={2023}
}

@article{Irving2018AISafetyDebate,
  title={AI Safety via Debate},
  author={Irving, Geoffrey and Christiano, Paul and Amodei, Dario},
  journal={arXiv preprint arXiv:1805.00899},
  year={2018}
}

@inproceedings{Li2023CAMEL,
  title={CAMEL: Communicative Agents for "Mind" Exploration of Large Language Model Society},
  author={Li, Guohao and Hammoud, Hasan Abed Al Kader and Itani, Hani and Khizbullin, Dmitrii and Ghanem, Bernard},
  booktitle={Advances in Neural Information Processing Systems},
  volume={36},
  year={2023},
  note={Accepted at NeurIPS 2023}
}

@article{Zheng2023JudgingLLMs,
  title={Judging LLM-as-a-Judge with MT-Bench and Chatbot Arena},
  author={Zheng, Lianmin and Chiang, Wei-Lin and Sheng, Ying and et al.},
  journal={arXiv preprint arXiv:2306.05685},
  year={2023}
}

@article{Bai2022ConstitutionalAI,
  title={Constitutional AI: Harmlessness from AI Feedback},
  author={Bai, Yuntao and Kadavath, Saurav and Kundu, Sandipan and et al.},
  journal={arXiv preprint arXiv:2212.08073},
  year={2022}
}

@article{Kadavath2022KnowWhatTheyKnow,
  title={Language Models (Mostly) Know What They Know},
  author={Kadavath, Saurav and et al.},
  journal={arXiv preprint arXiv:2207.05221},
  year={2022}
}

@inproceedings{Park2023GenerativeAgents,
  title={Generative Agents: Interactive Simulacra of Human Behavior},
  author={Park, Joon Sung and O'Brien, Joseph C. and Cai, Carrie J. and Morris, Meredith Ringel and Liang, Percy and Bernstein, Michael S.},
  booktitle={Proceedings of the 36th Annual ACM Symposium on User Interface Software and Technology},
  pages={17--28},
  year={2023},
  doi={10.1145/3586183.3606759},
  publisher={ACM}
}

@misc{Shinn2023Reflexion,
  title={Reflexion: Language Agents with Verbal Reinforcement Learning},
  author={Shinn, Noah and Cassano, Federico and Berman, Edward and Gopinath, Ashwin and Narasimhan, Karthik and Yao, Shunyu},
  year={2023},
  eprint={2303.11366},
  archivePrefix={arXiv},
  primaryClass={cs.AI}
}

@article{Smith2024NLPPolicy,
  title={Natural Language Processing for Policy Documents},
  author={Smith, Michael and Wilson, Julia},
  journal={Journal of Policy Analysis},
  volume={42},
  number={3},
  pages={567--589},
  year={2024}
}

@misc{CongressGovAPI2025,
  title={Congress.gov API Documentation},
  author={{U.S. Library of Congress}},
  year={2025},
  howpublished={\url{https://api.congress.gov/}},
  note={Accessed: 2025}
}
