@article{wei2022chain,
  title={Chain-of-Thought Prompting Elicits Reasoning in Large Language Models},
  author={Wei, Jason and Wang, Xuezhi and Schuurmans, Dale and Bosma, Maarten and Ichter, Brian and Xia, Fei and Chi, Ed and Le, Quoc and Zhou, Denny},
  journal={Advances in Neural Information Processing Systems},
  volume={35},
  pages={24824--24837},
  year={2022}
}

@article{kojima2022large,
  title={Large Language Models are Zero-Shot Reasoners},
  author={Kojima, Takeshi and Gu, Shixiang Shane and Reid, Machel and Matsuo, Yutaka and Iwasawa, Yusuke},
  journal={Advances in Neural Information Processing Systems},
  volume={35},
  pages={22199--22213},
  year={2022}
}

@article{wang2023multiagent,
  title={Multi-Agent Reinforcement Learning: A Selective Overview of Theories and Algorithms},
  author={Wang, Tonghan and Dong, Heng and Lesser, Victor and Zhang, Chongjie},
  journal={arXiv preprint arXiv:1911.10635},
  year={2023}
}

@inproceedings{chen2024collaborative,
  title={Collaborative Agents for Software Engineering},
  author={Chen, Bei and Zhang, Chi and Li, Da and Ding, Li and Wu, Shanshan and Qin, Yujia and Liu, Jifan and Wang, Zijun and Li, Yujia and Sun, Han and others},
  booktitle={Proceedings of the 2024 International Conference on Software Engineering},
  pages={1234--1245},
  year={2024}
}

@article{liu2023drift,
  title={Model Drift in Large Language Models: Detection and Mitigation},
  author={Liu, Yiming and Zhang, Kai and Brown, Alice and Wilson, James},
  journal={Machine Learning},
  volume={112},
  number={8},
  pages={3125--3147},
  year={2023},
  publisher={Springer}
}

@inproceedings{zhang2024evaluation,
  title={Evaluation Methods for LLM Drift and Consistency},
  author={Zhang, Kai and Smith, Michael and Davis, Sarah},
  booktitle={Proceedings of the International Conference on Machine Learning},
  pages={12345--12356},
  year={2024}
}

@article{smith2023debate,
  title={AI-Powered Debate Systems: Design and Evaluation},
  author={Smith, Michael and Johnson, Patricia and Brown, Robert},
  journal={Computational Linguistics},
  volume={49},
  number={2},
  pages={234--267},
  year={2023}
}

@inproceedings{johnson2024legislative,
  title={Automated Legislative Analysis: Methods and Applications},
  author={Johnson, Patricia and Smith, Lisa and Wilson, James},
  booktitle={Proceedings of the Conference on Empirical Methods in Natural Language Processing},
  pages={3456--3467},
  year={2024}
}

@article{li2024reasoning,
  title={Reasoning with Language Models: A Survey},
  author={Li, Yifan and Chen, Xiaoli and Wang, Li},
  journal={arXiv preprint arXiv:2402.18546},
  year={2024}
}

@inproceedings{garcia2024context,
  title={Context-Aware Language Models: A Survey},
  author={Garcia, Maria and Rodriguez, Carlos and Kim, Sungho},
  booktitle={Proceedings of the 2024 Annual Meeting of the Association for Computational Linguistics},
  pages={5678--5689},
  year={2024}
}

@article{thompson2023evaluation,
  title={Evaluation of Large Language Models: A Survey},
  author={Thompson, David and Lee, Jennifer and Anderson, Mark},
  journal={arXiv preprint arXiv:2307.16689},
  year={2023}
}

@inproceedings{patel2024benchmarking,
  title={Benchmarking Multi-Agent AI Systems: A Comprehensive Survey},
  author={Patel, Raj and Kumar, Amit and Singh, Priya},
  booktitle={Proceedings of the 2024 International Joint Conference on Artificial Intelligence},
  pages={2345--2356},
  year={2024}
}

@article{williams2023prompt,
  title={Prompt Engineering for Large Language Models: A Survey},
  author={Williams, Sarah and Taylor, Robert and Martinez, Elena},
  journal={arXiv preprint arXiv:2312.16135},
  year={2023}
}

@inproceedings{chen2024semantic,
  title={Semantic Similarity in Large Language Models: Analysis and Applications},
  author={Chen, Wei and Liu, Yiming and Zhang, Kai},
  booktitle={Proceedings of the 2024 Conference on Neural Information Processing Systems},
  pages={1234--1245},
  year={2024}
}

@article{rodriguez2023multi,
  title={Multi-Round Reasoning in AI Systems: Challenges and Opportunities},
  author={Rodriguez, Carlos and Kim, Sungho and Garcia, Maria},
  journal={Nature Machine Intelligence},
  volume={5},
  number={8},
  pages={678--691},
  year={2023}
}

@inproceedings{singh2024evaluation,
  title={Evaluation Metrics for AI Reasoning Systems: A Survey},
  author={Singh, Priya and Patel, Raj and Kumar, Amit},
  booktitle={Proceedings of the 2024 International Conference on Learning Representations},
  pages={3456--3467},
  year={2024}
}

@article{anderson2023drift,
  title={Drift Detection and Analysis in Machine Learning Systems: A Survey},
  author={Anderson, Mark and Thompson, David and Lee, Jennifer},
  journal={arXiv preprint arXiv:2301.12345},
  year={2023}
}

@inproceedings{kim2024context,
  title={Context-Aware AI Systems: Design and Implementation},
  author={Kim, Sungho and Rodriguez, Carlos and Garcia, Maria},
  booktitle={Proceedings of the 2024 AAAI Conference on Artificial Intelligence},
  volume={38},
  pages={5678--5689},
  year={2024}
}

@article{taylor2023reasoning,
  title={Reasoning Chains in Large Language Models: Analysis and Optimization},
  author={Taylor, Robert and Williams, Sarah and Martinez, Elena},
  journal={arXiv preprint arXiv:2305.12345},
  year={2023}
}

@inproceedings{kumar2024benchmark,
  title={Benchmarking AI Reasoning Capabilities: A Comprehensive Framework},
  author={Kumar, Amit and Singh, Priya and Patel, Raj},
  booktitle={Proceedings of the 2024 Conference on Empirical Methods in Natural Language Processing},
  pages={7890--7901},
  year={2024}
}