@inproceedings{chan2024chateval,
  title={{ChatEval}: Towards Better LLM-based Evaluators through Multi-Agent Debate},
  author={Chan, Chi-Min and Chen, Weize and Su, Yusheng and Yu, Jianxuan and Xue, Wei and Zhang, Shanghang and Fu, Jie and Liu, Zhiyuan},
  booktitle={International Conference on Learning Representations},
  year={2024}
}

@article{chen2023behavior,
  title={How is ChatGPT's behavior changing over time?},
  author={Chen, Lingjiao and Zaharia, Matei and Zou, James},
  journal={arXiv preprint arXiv:2307.09009},
  year={2023}
}

@article{du2023multiagent,
  title={Improving Factuality and Reasoning in Language Models through Multiagent Debate},
  author={Du, Yilun and Li, Shuang and Torralba, Antonio and Tenenbaum, Joshua B. and Mordatch, Igor},
  journal={arXiv preprint arXiv:2305.14325},
  year={2023}
}

@article{kojima2022large,
  title={Large Language Models are Zero-Shot Reasoners},
  author={Kojima, Takeshi and Gu, Shixiang Shane and Reid, Machel and Matsuo, Yutaka and Iwasawa, Yusuke},
  journal={Advances in Neural Information Processing Systems},
  volume={35},
  pages={22199--22213},
  year={2022}
}

@article{li2025drift,
  title={When Meaning Stays the Same, but Models Drift: Evaluating Quality of Service under Token-Level Behavioral Instability in LLMs},
  author={Li, Xiao and Kreuzwieser, Joel and Peters, Alan},
  journal={arXiv preprint arXiv:2506.10095},
  year={2025}
}

@article{rahman2025debate,
  title={AI Debate Aids Assessment of Controversial Claims},
  author={Rahman, Salman and Issaka, Sheriff and Suvarna, Ashima and Liu, Genglin and Shiffer, James and Lee, Jaeyoung and Parvez, Md Rizwan and Palangi, Hamid and Feng, Shi and Peng, Nanyun and Choi, Yejin and others},
  journal={arXiv preprint arXiv:2506.02175},
  year={2025}
}

@article{slonim2021debater,
  title={An autonomous debating system},
  author={Slonim, Noam and Bilu, Yonatan and Alzate, Carlos and Bar-Haim, Roy and Bogin, Ben and others},
  journal={Nature},
  volume={591},
  number={7850},
  pages={379--384},
  year={2021}
}

@article{wei2022chain,
  title={Chain-of-Thought Prompting Elicits Reasoning in Large Language Models},
  author={Wei, Jason and Wang, Xuezhi and Schuurmans, Dale and Bosma, Maarten and Ichter, Brian and Xia, Fei and Chi, Ed and Le, Quoc and Zhou, Denny},
  journal={Advances in Neural Information Processing Systems},
  volume={35},
  pages={24824--24837},
  year={2022}
}